@article{einstein1907solid,
author = {Einstein, A.},
title = {Die Plancksche Theorie der Strahlung und die Theorie der spezifischen W\"{a}rme},
journal = {Annalen der Physik},
volume = {327},
number = {1},
pages = {180-190},
url = {https://onlinelibrary.wiley.com/doi/abs/10.1002/andp.19063270110},
urlaccessdate = {2018-12-20},
year = {1907}
}

