% https://truben.no/latex/bibtex/
% http://tug.ctan.org/info/biblatex-cheatsheet/biblatex-cheatsheet.pdf
% https://www.overleaf.com/learn/latex/biblatex_bibliography_styles

% Não utilize @ONLINE, opte por @MISC

%Exemplo:
@MISC {placeholder,
    title = "placeholder"
}

@article{horst2021localization,
    title={Localization and Angle-of-Arrival in Bluetooth Low Energy},
    author={Horst, Valentin},
    year={2021},
    url={https://www.ds.informatik.uni-kiel.de/en/teaching/bachelor-and-master-theses/completed-master-and-bachelor-theses/2021 bachelor thesis Valentin Horst.pdf}
}

@inproceedings{zeaiter:hal-03932846,
    TITLE = {{Measuring accurate Angle of Arrival of weak LoRa signals for Indoor Positionning}},
    AUTHOR = {Zeaiter, Hussein and Spies, François and Baala, Oumaya and Val, Thierry},
    URL = {https://hal.science/hal-03932846},
    BOOKTITLE = {{12th International Conference on Indoor Positioning and Indoor Navigation (IPIN 2022)}},
    ADDRESS = {Beijing, China},
    YEAR = {2022},
    MONTH = Sep,
    DOI = {10.1109/IPIN54987.2022.9918114},
    PDF = {https://hal.science/hal-03932846/file/9fbd7033-b68b-4499-a54e-8bfb0de9e1b4-author.pdf},
    HAL_ID = {hal-03932846},
    HAL_VERSION = {v1},
}

@inproceedings{aernouts2020combining,
    title = {Combining TDoA and AoA with a particle filter in an outdoor LoRaWAN network},
    author = {Aernouts, Michiel and BniLam, Noori and Podevijn, Nico and Plets, David and Joseph, Wout and Berkvens, Raf and Weyn, Maarten},
    year = {2020},
    month = {04},
    booktitle={2020 IEEE/ION Position, Location and Navigation Symposium (PLANS)},
    pages = {1060-1069},
    organization={IEEE},
    doi = {10.1109/PLANS46316.2020.9110172},
    url = {https://www.researchgate.net/publication/342026049_Combining_TDoA_and_AoA_with_a_particle_filter_in_an_outdoor_LoRaWAN_network}, %*
}

@inproceedings{bnilam20172d,
  title={2D angle of arrival estimations and bandwidth recognition for broadband signals},
  author={BniLam, Noori and Steckel, Jan and Weyn, Maarten},
  booktitle={2017 11th European Conference on Antennas and Propagation (EUCAP)},
  pages={2041--2045},
  year={2017},
  organization={IEEE},
  url = {https://www.researchgate.net/publication/317397561_2D_angle_of_arrival_estimations_and_bandwidth_recognition_for_broadband_signals}, %*
}

@inproceedings{bnilam2017adaptive,
    title={Adaptive probabilistic model using angle of arrival estimation for IoT indoor localization},
    author={BniLam, Noori and Ergeerts, Glenn and Subotic, Dragan and Steckel, Jan and Weyn, Maarten},
    booktitle={2017 International conference on indoor positioning and indoor navigation (IPIN)},
    pages={1--7},
    year={2017},
    month = {09},
    organization={IEEE},
    %url = {https://www.researchgate.net/publication/319702805_Adaptive_Probabilistic_Model_Using_Angle_of_Arrival_Estimation_for_IoT_Indoor_Localization/citation/download}, %*
}

@inproceedings{bnilam2019low,
  title={Low cost AoA unit for IoT applications},
  author={BniLam, Noori and Joosens, Dennis and Steckel, Jan and Weyn, Maarten},
  booktitle={2019 13th European Conference on Antennas and Propagation (EuCAP)},
  pages={1--5},
  year={2019},
  organization={IEEE},
  url={https://www.researchgate.net/profile/Noori-Bnilam-2/publication/332141599_Low_Cost_AoA_Unit_for_IoT_Applications/links/5ca2ee8d299bf1116956bf0e/Low-Cost-AoA-Unit-for-IoT-Applications.pdf}, %*
}

@inproceedings{steckel2018low,
    title={Low-cost hardware platform for angle of arrival estimation using compressive sensing},
    author={Steckel, Jan and Laurijssen, Dennis and Schenck, Anthony and BniLam, Noori and Weyn, Maarten},
    booktitle={12th European Conference on Antennas and Propagation (EuCAP 2018)},
    pages={1--4},
    year={2018},
    month = {04},
    organization={IET},
    doi = {10.1049/cp.2018.0581},
    %url={https://www.researchgate.net/publication/324363290_Low-cost_Hardware_Platform_for_Angle_of_Arrival_Estimation_Using_Compressive_Sensing}, %*
}

@article{bnilam2020angle,
    title={ANGLE: ANGular location estimation algorithms},
    author={BniLam, Noori and Tanghe, Emmeric and Steckel, Jan and Joseph, Wout and Weyn, Maarten},
    journal={IEEE access},
    volume={8},
    pages={14620--14629},
    year={2020},
    publisher={IEEE},
    url={https://ieeexplore.ieee.org/stamp/stamp.jsp?arnumber=8959176}
}

@article{bnilam2020lora,
  title={LoRa 2.4 GHz communication link and range},
  author={BniLam, Noori and Janssen, Thomas and Aernouts, Michiel and Berkvens, Rafael and Weyn, Maarten},
  journal={Sensors},
  volume={20},
  number={16},
  pages={4366},
  year={2020},
  publisher={MDPI}
}

@book{du2018long,
    title={Long-Range Indoor Emitter Localization from 433MH and 2.4 GHz WLAN Received Signal Strengths},
    author={Du, Hang},
    year={2018},
    publisher={Rose Hulman Institute of Technology},
    url={https://scholar.rose-hulman.edu/cgi/viewcontent.cgi?article=1012&context=electrical_grad_theses}
}

@inproceedings{zeaiter:hal-03693641,
    TITLE = {{Performance Evaluation of the Angle of Arrival of LoRa Signals under Interference}},
    AUTHOR = {Zeaiter, Hussein and Baala, Oumaya and Spies, Francois and Thierry, Val},
    URL = {https://ut3-toulouseinp.hal.science/hal-03693641},
    BOOKTITLE = {{9th IEEE International Conference on Communications and Electronics (ICE 2022)}},
    ADDRESS = {Nha Trang, Vietnam},
    ORGANIZATION = {{IEEE}},
    PUBLISHER = {{IEEE}},
    YEAR = {2022},
    MONTH = Jul,
    KEYWORDS = {Long-Range (LoRa) ; Low-Power Wide-Area Networks (LPWANs) ; Software Defined Radio (SDR) ; Angle of Arrival (AoA)},
    PDF = {https://ut3-toulouseinp.hal.science/hal-03693641/file/zeaiter paper beta.pdf},
    HAL_ID = {hal-03693641},
    HAL_VERSION = {v1},
}

@INPROCEEDINGS{niculescu2003ad,
    author={Niculescu, D. and Badri Nath},
    author={Niculescu, Dragos and Nath, Badri},
    booktitle={IEEE INFOCOM 2003. Twenty-second Annual Joint Conference of the IEEE Computer and Communications Societies (IEEE Cat. No.03CH37428)},
    title={Ad hoc positioning system (APS) using AOA},
    year={2003},
    volume={3},
    number={},
    pages={1734-1743 vol.3},
    doi={10.1109/INFCOM.2003.1209196},
    %url={https://na-st01.ext.exlibrisgroup.com/01RUT_INST/upload/1685137147263/dcs-tr-468.pdf?Expires=1685137267&Signature=XlycAc0hgQxs5kdNZb~ArpKzVbLVo~yUJtOdUdDhD8bZ5TvwOSNJvwYY2-KCzi553hrPbVDN17fgLkTpbziUgPyyV6WkneVtc0uJmsxMHbGRF7J2qKieuOZKpPvc5QRbD2mhrtjPmOkB5VNo8-Pimxpush1ZTsNVrsvQT20dGXRMiiJzO~FOWFx2iGp7h8ud4zEb3lyBeMIh36xrcoCUnTxA6FwhD84jJUbLOdg0KWEz1Z1a8-lhZoYuaGqtrV15fdsGh1HnDdDPaDQBeCK~2E3YE3r3ZS52DBaXGr0tOINtR91ZFdTTd1A-HRuMSfa4Xi5cGlYSOK02UqAmhwMnvw__&Key-Pair-Id=APKAJ72OZCZ36VGVASIA}, %*
}


@inproceedings{mohammed2014angle,
  title={Angle of arrival and signal to noise ratio estimation for broadband signals by phased adaptive array antennas},
  author={Mohammed, Bassim Sayed and Noori, Noori Hussein},
  booktitle={The 8th European Conference on Antennas and Propagation (EuCAP 2014)},
  pages={347--351},
  year={2014},
  organization={IEEE}
}


@book{bensky2016wireless,
  title={Wireless positioning technologies and applications},
  author={Bensky, Alan},
  year={2016},
  publisher={Artech House},
  url={https://scholar.rose-hulman.edu/cgi/viewcontent.cgi?article=1012&context=electrical_grad_theses}
}



@article{sabbatini2014esa,
  title={ESA User Guide to Low Gravity Platforms},
  author={Sabbatini, M and Sentse, N},
  journal={Directorate of Human Spaceflight and Operations,},
  year={2014},
  institution={European Space Agency (ESA)},
  url={https://www.esa.int/Science_Exploration/Human_and_Robotic_Exploration/Research/European_user_guide_to_low_gravity_platforms}
}

@MISC{isro,
    author = {{ISRO, Indian Space Research Organisation, Departament of Space}},
    title  = {Sounding Rockets},
    url    = {https://www.isro.gov.in/soundingRockets.html}
}

@MISC{esa,
    author = {{ESA, European Space Agency}},
    title  = {Sounding rockets},
    url    = {https://www.esa.int/Science_Exploration/Human_and_Robotic_Exploration/Research/Sounding_rockets}
}

@MISC{nasa,
    author = {{NASA, National Aeronautics and Space Administration}},
    title  = {About Sounding Rockets},
    url    = {https://www.nasa.gov/soundingrockets/overview/}
}

@misc {esra,
    title  = {The Intercollegiate Rocket Engineering Competition},
    author = {{ESRA, Experimental Sounding Rocket Association}},
    url    = {https://www.soundingrocket.org/what-is-irec.html}
}

@misc {irec,
    title  = {Spaceport America Cup Intercollegiate Rocket Engineering Competition Rules \& Requirements Document},
    author = {{ESRA, Experimental Sounding Rocket Association}},
    url    = {https://www.soundingrocket.org/uploads/9/0/6/4/9064598/sa_cup_irec_rules_and_requirements_document-2023_v1.3_20231001.pdf}
}

@misc {akshayupadhyay,
    title  = "Formula to Find Bearing or Heading angle between two points: Latitude Longitude",
    author = "Akshay Upadhyay",
    url    = "https://www.igismap.com/formula-to-find-bearing-or-heading-angle-between-two-points-latitude-longitude/"
}

@misc {chrisveness,
    title  = "Calculate distance, bearing and more between Latitude/Longitude points",
    author = "Chris Veness",
    url    = "https://www.movable-type.co.uk/scripts/latlong.html"
}

@MISC {palomaguitarrara,
    title       = "Coordenadas geográficas",
    institution = "Brasil Escola",
    author      = "Paloma Guitarrara",
    url         = "https://brasilescola.uol.com.br/geografia/coordenadas-geograficas.htm"
}

@MISC {astrociencianet2016,
    author = {{ASTROCIENCIANET}},
    title  = {O raio da Terra},
    month  = {5},
    year   = {2016},
    url    = {https://astrociencianet.wordpress.com/2016/05/17/httpastrociencianet-worpress-compostagenscienciasexatas/}
}

@MISC {henriquefleming2003,
    title  = {Coordenadas esféricas},
    author = {Henrique Fleming},
    year   = {2003},
    month  = {8},
    url    = {http://fma.if.usp.br/~fleming/diffeo/node4.html}
}

@article{jennings1987continuity,
  title={The continuity of the meter: the redefinition of the meter and the speed of visible light},
  author={Jennings, DA and Drullinger, RE and Evenson, KM and Pollock, CR and Wells, JS},
  journal={Journal of Research of the National Bureau of Standards},
  volume={92},
  number={1},
  pages={11},
  year={1987},
  publisher={National Institute of Standards and Technology}
}

@book{balanis2016antenna,
   title =     {Antenna Theory: Analysis and Design},
   author =    {Constantine A. Balanis},
   publisher = {John Wiley \& Sons},
   year =      {2005},
   %url =       {https://ds.amu.edu.et/xmlui/bitstream/handle/123456789/537/Antenna%20Theory%20Analysis%20and%20Design%20%20BALANIS.pdf?sequence=1&isAllowed=y}
}

% https://blog.professorferretto.com.br/triangulo-equilatero/
% https://stackoverflow.com/questions/43519040/how-to-code-a-slider-in-octave-to-have-interactive-plot



@inproceedings{Schssel2016AngleOA,
  title={Angle of Arrival Estimation using WiFi and Smartphones},
  author={Martin Sch{\"u}ssel},
  year={2016},
  url={https://ipin2016.web.uah.es/usb/app/descargas/223_WIP.pdf}
}


@MISC {awgnOctave,
    author = "{Nir Krakauer}",
    title  = "Function Reference: awgn",
    year   = "2016",
    url    = "https://octave.sourceforge.io/communications/function/awgn.html"
}

@MISC {awgnMATLAB,
    author = "{{The MathWorks, Inc.}}",
    title  = "awgn",
    year   = "2025",
    url    = "https://www.mathworks.com/help/comm/ref/awgn.html"
}

@INPROCEEDINGS{Horst2025BTLEAoA,
  author={Schmidt, Sven Ole and Hellbrück, Horst},
  booktitle={2025 First International Conference on Advances in Computer Science, Electrical, Electronics, and Communication Technologies (CE2CT)},
  title={Real-Time Bluetooth Low Energy Angle-of-Arrival Localization with Gauss-Newton},
  year={2025},
  volume={},
  number={},
  pages={360-365},
  keywords={Location awareness;Accuracy;Source coding;Signal processing algorithms;Estimation;Signal processing;Real-time systems;Software;Bluetooth Low Energy;System analysis and design;Bluetooth Low Energy;Angle of Arrival;GaussNewton Algorithm;Indoor Localization;Real-Time},
  doi={10.1109/CE2CT64011.2025.10939545}
}

